<record xmlns="http://www.loc.gov/MARC21/slim" xmlns:xsi="http://www.w3.org/2001/XMLSchema-instance" xsi:schemaLocation="http://www.loc.gov/MARC21/slim http://www.loc.gov/standards/marcxml/schema/MARC21slim.xsd"><leader>00732nz   2200169n  4500</leader><controlfield tag="001">oca03180245 </controlfield><controlfield tag="005">19920529133119.8</controlfield><controlfield tag="008">920528n| acannaab|          |a aaa     c</controlfield><datafield ind1=" " ind2=" " tag="010"><subfield code="a">no 92013552 </subfield></datafield><datafield ind1=" " ind2=" " tag="040"><subfield code="a">OU</subfield><subfield code="c">OU</subfield></datafield><datafield ind1="0" ind2=" " tag="100"><subfield code="a">Phanocles</subfield></datafield><datafield ind1="0" ind2=" " tag="400"><subfield code="a">Phanokles</subfield></datafield><datafield ind1=" " ind2=" " tag="670"><subfield code="a">Alexander, K. A stylistic commentary on Phanocles and related texts, 1988:</subfield><subfield code="b">t.p., etc. (Phanocles)</subfield></datafield><datafield ind1=" " ind2=" " tag="670"><subfield code="a">Oxford class. dict., c1970,</subfield><subfield code="b">(Phanocles; Greek poet; place and date of birth unknown, perhaps first half of third cent. B.C.)</subfield></datafield><datafield ind1=" " ind2=" " tag="670"><subfield code="a">LemprieÌ&#x80;re's classical dictionary of proper names... 1984,</subfield><subfield code="b">(PhanoÌ&#x86;cles)</subfield></datafield><datafield ind1=" " ind2=" " tag="670"><subfield code="a">Paulys Real-EncyclopaÌ&#x88;die der classischen... 1938,</subfield><subfield code="b">(Phanokles)</subfield></datafield><datafield ind1=" " ind2=" " tag="675"><subfield code="a">Acad. Amer. encyc., c1991; Encyc. Brit., 15th ed.</subfield></datafield></record>